@article{teste1,
author 		= {Suco},
title 		= {A Simple Algorithm for Homeomorphic Surface Reconstruction},
journal 	= {International Journal of Computational Geometry and Applications},
publisher = {World Scientific Publishing Co.},
volume 		= {12},
number 		= {1-2},
pages 		= {125-141},
year 			= {2002},
}

@article{teste2,
author 		= {Nina Amenta and Sunghee Choi and Tamal K. Dey and N. Leekha},
title 		= {A Simple Algorithm for Homeomorphic Surface Reconstruction},
journal 	= {International Journal of Computational Geometry and Applications},
publisher = {World Scientific Publishing Co.},
volume 		= {12},
number 		= {1-2},
pages 		= {125-141},
year 			= {2002},
}

@article{teste3,
author 		= {Nina Amenta and Sunghee Choi and Tamal K. Dey and N. Leekha},
title 		= {A Simple Algorithm for Homeomorphic Surface Reconstruction},
journal 	= {International Journal of Computational Geometry and Applications},
publisher = {World Scientific Publishing Co.},
volume 		= {12},
number 		= {1-2},
pages 		= {125-141},
year 			= {2002},
}

@article{temp1,
author 		= {},
title 		= {},
journal 	= {},
publisher = {},
volume 		= {},
number 		= {},
pages 		= {},
year 			= {},
}

@book{temp2,
author    = {},
title     = {},
edition   = {},
publisher = {},
year      = {}
}

@InBook{temp3,
author 		= {},
title 		= {},
booktitle	= {},
publisher	= {},
year 			= {},
chapter 	= {},
pages 		= {}
}

@inproceedings{temp4,
author    = {},
title     = {},
editor    = {},
booktitle = {},
publisher = {},
year      = {},
pages     = {}
}

@phdthesis{temp6,
author 		= {f},
title  		= {},
school 		= {},
year   		= {}
}

@mastersthesis{temp7,
author 		= {},
title  		= {},
school 		= {},
year   		= {}
}

@misc{mostfreeware,
author 		= {MostFreeware},
title 		= {Open Source Vs Free Software},
year 			= {2019},
url 			= {https://mostfreeware.blogspot.com/2019/08/open-source-vs-free-software.html} 
}

@misc{snyk,
author 		= {snyk},
title 		= {What is the MIT License?},
year 			= {2023},
url 			= {https://snyk.io/learn/what-is-mit-license/} 
}

@misc{chatgpt,
author 		= {ChatGPT},
title 		= {O que é a licença GNU GPL3?},
year 			= {2021},
url 			= {https://chat.openai.com/chat} 
}

@misc{revolutionOS,
author 		= {Diolinux},
title 		= {Revolution OS - Documentário sobre GNU/Linux - Legendado em PT-BR},
year 			= {2015},
url 			= {https://www.youtube.com/watch?v=Z3f-M43DiD4} 
}
